% Encoding: UTF-8

@Article{Humphreys2018,
  author    = {Peter C. Humphreys and Norbert Kalb and Jaco P. J. Morits and Raymond N. Schouten and Raymond F. L. Vermeulen and Daniel J. Twitchen and Matthew Markham and Ronald Hanson},
  title     = {Deterministic delivery of remote entanglement on a quantum network},
  journal   = {Nature},
  year      = {2018},
  volume    = {558},
  number    = {7709},
  pages     = {268--273},
  month     = {jun},
  doi       = {10.1038/s41586-018-0200-5},
  publisher = {Springer Nature},
}

@Article{Wehner2018,
  author    = {Stephanie Wehner and David Elkouss and Ronald Hanson},
  title     = {Quantum internet: A vision for the road ahead},
  journal   = {Science},
  year      = {2018},
  volume    = {362},
  number    = {6412},
  pages     = {eaam9288},
  month     = {oct},
  doi       = {10.1126/science.aam9288},
  publisher = {American Association for the Advancement of Science ({AAAS})},
}

@Comment{jabref-meta: databaseType:bibtex;}
